@book{DiFrancesco:1997nk,
  author    = {Di Francesco, P. and Mathieu, P. and Senechal, D.},
  title     = {{Conformal Field Theory}},
  doi       = {10.1007/978-1-4612-2256-9},
  isbn      = {978-0-387-94785-3, 978-1-4612-7475-9},
  publisher = {Springer-Verlag},
  address   = {New York},
  series    = {Graduate Texts in Contemporary Physics},
  year      = {1997}
}

@article{Qualls:2015qjb,
  author        = {Qualls, Joshua D.},
  title         = {{Lectures on Conformal Field Theory}},
  eprint        = {1511.04074},
  archiveprefix = {arXiv},
  primaryclass  = {hep-th},
  month         = {11},
  year          = {2015}
}

@article{Tong:2009np,
  author        = {Tong, David},
  title         = {{String Theory}},
  eprint        = {0908.0333},
  archiveprefix = {arXiv},
  primaryclass  = {hep-th},
  month         = {1},
  year          = {2009}
}